@inproceedings{Lample2020Deep,
  title     = {Deep Learning For Symbolic Mathematics},
  author    = {Guillaume Lample and Fran√ßois Charton},
  booktitle = {International Conference on Learning Representations},
  year      = {2020},
  url       = {https://openreview.net/forum?id=S1eZYeHFDS}
}

@article{44806,
  title   = {Mastering the game of Go with deep neural networks and tree search},
  author  = {David Silver and Aja Huang and Christopher J. Maddison and Arthur Guez and Laurent Sifre and George van den Driessche and Julian Schrittwieser and Ioannis Antonoglou and Veda Panneershelvam and Marc Lanctot and Sander Dieleman and Dominik Grewe and John Nham and Nal Kalchbrenner and Ilya Sutskever and Timothy Lillicrap and Madeleine Leach and Koray Kavukcuoglu and Thore Graepel and Demis Hassabis},
  year    = {2016},
  url     = {http://www.nature.com/nature/journal/v529/n7587/full/nature16961.html},
  journal = {Nature},
  pages   = {484--503},
  volume  = {529}
}

@article{graves2016hybrid,
  title     = {Hybrid computing using a neural network with dynamic external memory},
  author    = {Graves, Alex and Wayne, Greg and Reynolds, Malcolm and Harley, Tim and Danihelka, Ivo and Grabska-Barwi{\'n}ska, Agnieszka and Colmenarejo, Sergio G{\'o}mez and Grefenstette, Edward and Ramalho, Tiago and Agapiou, John and others},
  journal   = {Nature},
  volume    = {538},
  number    = {7626},
  pages     = {471--476},
  year      = {2016},
  publisher = {Nature Publishing Group}
}

@article{tai2015improved,
  title   = {Improved semantic representations from tree-structured long short-term memory networks},
  author  = {Tai, Kai Sheng and Socher, Richard and Manning, Christopher D},
  journal = {arXiv preprint arXiv:1503.00075},
  year    = {2015}
}

@article{vaswani2017attention,
  title   = {Attention is all you need},
  author  = {Vaswani, Ashish and Shazeer, Noam and Parmar, Niki and Uszkoreit, Jakob and Jones, Llion and Gomez, Aidan N and Kaiser, Lukasz and Polosukhin, Illia},
  journal = {arXiv preprint arXiv:1706.03762},
  year    = {2017}
}

@inproceedings{gehring2017convolutional,
  title        = {Convolutional sequence to sequence learning},
  author       = {Gehring, Jonas and Auli, Michael and Grangier, David and Yarats, Denis and Dauphin, Yann N},
  booktitle    = {International Conference on Machine Learning},
  pages        = {1243--1252},
  year         = {2017},
  organization = {PMLR}
}
